<?xml version="1.0" encoding="utf-8"?>
<record xmlns="http://www.loc.gov/MARC21/slim" xmlns:xsi="http://www.w3.org/2001/XMLSchema-instance" xsi:schemaLocation="http://www.loc.gov/MARC21/slim http://www.loc.gov/standards/marcxml/schema/MARC21slim.xsd">
	<leader>     nam a22     Mi 4500</leader>
	<controlfield tag="001">856154</controlfield>
	<controlfield tag="003">NjP</controlfield>
	<controlfield tag="006">m        d        </controlfield>
	<controlfield tag="007">cr cn |||m|||a</controlfield>
	<controlfield tag="008">190606s1936    sy      o     000 0 ara d</controlfield>
	<datafield ind1=" " ind2=" " tag="040">
		<subfield code="a">ZYU</subfield>
		<subfield code="b">ara</subfield>
		<subfield code="e">rda</subfield>
		<subfield code="c">ZYU</subfield>
	</datafield>
	<datafield ind1="1" ind2=" " tag="100">
		<subfield code="a">Kāfī, Muḥammad ibn Yūsuf,</subfield>
		<subfield code="d">1861 or 1862-1960 or 1961.</subfield>
	</datafield>
	<datafield ind1="1" ind2="0" tag="240">
		<subfield code="a">Sayf al-Yamānī al-maslūl fī ʻunq min ṭaʻn fī aṣḥāb al-rasūl, aw, Summ sāʻah fī kabd min fāriq al-jamāʻah, aw, al-Rimāḥ wa-al-asinnah fī fuʼād min lamaza ahl al-sunnah</subfield>
	</datafield>
	<datafield ind1="1" ind2="0" tag="245">
		<subfield code="a">Kitāb al-sayf al-Yamānī al-maslūl fī ʻunq min ṭaʻn fī aṣḥāb al-rasūl, aw, Summ sāʻah fī kabd min fāriq al-jamāʻah, aw, al-Rimāḥ wa-al-asinnah fī fuʼād min lamaza ahl al-sunnah /</subfield>
		<subfield code="c">li-Muḥammad ibn Yūsuf al-Tūnisī al-shahīr bi-al-Kāfī.</subfield>
	</datafield>
	<datafield ind1="3" ind2=" " tag="246">
		<subfield code="a">Sayf al-Yamānī al-maslūl fī ʻunq min ṭaʻn fī aṣḥāb al-rasūl, aw, Summ sāʻah fī kabd min fāriq al-jamāʻah, aw, al-Rimāḥ wa-al-asinnah fī fuʼād min lamaza ahl al-sunnah</subfield>
	</datafield>
	<datafield ind1="3" ind2=" " tag="246">
		<subfield code="a">Summ sāʻah fī kabd min fāriq al-jamāʻah</subfield>
	</datafield>
	<datafield ind1="3" ind2=" " tag="246">
		<subfield code="a">Rimāḥ wa-al-asinnah fī fuʼād min lamaza ahl al-sunnah</subfield>
	</datafield>
	<datafield ind1=" " ind2=" " tag="260">
		<subfield code="a">Dimashq :</subfield>
		<subfield code="b">Maṭbaʻat Ummīyah,</subfield>
		<subfield code="c">1936.</subfield>
	</datafield>
	<datafield ind1=" " ind2=" " tag="300">
		<subfield code="a">online resource (186 pages)</subfield>
	</datafield>
	<datafield ind1=" " ind2=" " tag="336">
		<subfield code="a">text</subfield>
		<subfield code="2">rdacontent</subfield>
	</datafield>
	<datafield ind1=" " ind2=" " tag="337">
		<subfield code="a">computer</subfield>
		<subfield code="2">rdamedia</subfield>
	</datafield>
	<datafield ind1=" " ind2=" " tag="338">
		<subfield code="a">online resource</subfield>
		<subfield code="2">rdacarrier</subfield>
	</datafield>
	<datafield ind1=" " ind2=" " tag="500">
		<subfield code="a">Part of the Arabic Collections Online (ACO) project, contributed by Princeton University Libraries.</subfield>
	</datafield>
	<datafield ind1=" " ind2=" " tag="533">
		<subfield code="a">Electronic reproduction.</subfield>
		<subfield code="b">New York, N.Y. :</subfield>
		<subfield code="c">New York University,</subfield>
		<subfield code="d">2019.</subfield>
		<subfield code="5">NNU</subfield>
	</datafield>
	<datafield ind1="0" ind2="0" tag="600">
		<subfield code="a">Muḥammad,</subfield>
		<subfield code="c">Prophet,</subfield>
		<subfield code="d">-632</subfield>
		<subfield code="x">Friends and associates.</subfield>
	</datafield>
	<datafield ind1="0" ind2="7" tag="600">
		<subfield code="a">Muḥammad,</subfield>
		<subfield code="c">Prophet,</subfield>
		<subfield code="d">-632.</subfield>
		<subfield code="2">fast</subfield>
		<subfield code="0">(OCoLC)fst01836298</subfield>
	</datafield>
	<datafield ind1=" " ind2="7" tag="650">
		<subfield code="a">Friendship.</subfield>
		<subfield code="2">fast</subfield>
		<subfield code="0">(OCoLC)fst00935174</subfield>
	</datafield>
	<datafield ind1="2" ind2=" " tag="710">
		<subfield code="a">Princeton University.</subfield>
		<subfield code="b">Library.</subfield>
	</datafield>
	<datafield ind1="0" ind2=" " tag="730">
		<subfield code="a">Arabic Collections Online.</subfield>
	</datafield>
	<datafield ind1="0" ind2="8" tag="776">
		<subfield code="i">Print version:</subfield>
		<subfield code="a">Kāfī, Muḥammad ibn Yūsuf, 1861 or 1862-1960 or 1961.</subfield>
		<subfield code="t">Kitāb al-sayf al-Yamānī al-maslūl fī ʻunq min ṭaʻn fī aṣḥāb al-rasūl, aw, Summ sāʻah fī kabd min fāriq al-jamāʻah, aw, al-Rimāḥ wa-al-asinnah fī fuʼād min lamaza ahl al-sunnah</subfield>
		<subfield code="w">(NjP)856154</subfield>
		<subfield code="w">(OCoLC)29685021</subfield>
	</datafield>
	<datafield ind1="4" ind2="0" tag="856">
		<subfield code="u">http://hdl.handle.net/2333.1/z612jvvq</subfield>
	</datafield>
	<datafield ind1=" " ind2=" " tag="959">
		<subfield code="a">NNU</subfield>
		<subfield code="b">WEB</subfield>
		<subfield code="c">GENI</subfield>
		<subfield code="t">0</subfield>
		<subfield code="m">Electronic access</subfield>
		<subfield code="s">01</subfield>
	</datafield>
	<datafield ind1=" " ind2=" " tag="999">
		<subfield code="i">NjP_856154</subfield>
		<subfield code="o">(OCoLC)ocm29685021 </subfield>
		<subfield code="s">princeton_aco002637</subfield>
		<subfield code="e">(ERROR-880)(ERROR-MISC)</subfield>
	</datafield>
</record>
